@book{SWS_EM,
  address = {Frankfurter Ring 224, 80807 Munich, Germany},
    author = {AUTOSAR},
    title = {Specification of Persistency},
    edition = {R17-10}
}

@book{IEEE1003.13,
  address = {Frankfurter Ring 224, 80807 Munich, Germany},
    author = {IEEE},
    title = {IEEE 1003.13 POSIX Realtime and Embedded Application Support, Standardized Application Environment Profile}
}




